@article{hone2015curious,
  title={Curious continued fractions, nonlinear recurrences and transcendental numbers},
  author={Hone, Andrew NW},
  journal={Journal of Integer Sequences},
  volume={18},
  number={2},
  pages={3},
  year={2015}
}

@book{cassels1957introduction,
  title={An introduction to Diophantine approximation},
  author={Cassels, John William Scott},
  number={45},
  year={1957},
  publisher={CUP Archive}
}

@article{hone2007singularity,
  title={Singularity confinement for maps with the Laurent property},
  author={Hone, Andrew NW},
  journal={Physics Letters A},
  volume={361},
  number={4-5},
  pages={341--345},
  year={2007},
  publisher={Elsevier}
}

@article{duverney2020irrationality,
  title={Irrationality exponents of generalized Hone series},
  author={Duverney, Daniel and Kurosawa, Takeshi and Shoikawa, Iekata},
  journal={arXiv preprint arXiv:2001.00297},
  year={2020}
}

@article{fomin2002cluster,
  title={Cluster algebras I: foundations},
  author={Fomin, Sergey and Zelevinsky, Andrei},
  journal={Journal of the American Mathematical Society},
  volume={15},
  number={2},
  pages={497--529},
  year={2002}
}

@article{varona2017continued,
  title={The continued fraction expansion of certain Pierce series},
  author={Varona, Juan Luis},
  journal={Journal of Number Theory},
  volume={180},
  pages={573--578},
  year={2017},
  publisher={Elsevier}
}

@book{duverney2010number2,
  title={Number Theory: An Elementary Introduction Through Diophantine Problems},
  author={Duverney, Daniel},
  volume={4},
  year={2010},
  publisher={World Scientific}
}

@inbook{duverney2010number,
  title={Number Theory: An Elementary Introduction Through Diophantine Problems},
  author={Duverney, Daniel},
  volume={4},
  year={2010},
  publisher={World Scientific},
  chapter      = 2,
  pages        = {14}
}

@article{gale1991strange,
  title={The strange and surprising saga of the Somos sequences},
  author={Gale, David},
  journal={Math. Intelligencer},
  volume={13},
  number={1},
  pages={40--42},
  year={1991}
}